<marcxml:record xmlns:marcxml="http://www.loc.gov/MARC21/slim" xmlns:idx="info:lc/xq-modules/lcindex" xmlns:madsrdf="http://www.loc.gov/mads/rdf/v1#" xmlns:ri="http://id.loc.gov/ontologies/RecordInfo#" xmlns:xlink="http://www.w3.org/1999/xlink" xmlns:rdf="http://www.w3.org/1999/02/22-rdf-syntax-ns#" xmlns:mets="http://www.loc.gov/METS/" xmlns:semtriples="http://marklogic.com/semantic" xmlns:xsi="http://www.w3.org/2001/XMLSchema-instance" xmlns:streams="info:lc/streams#">
            <marcxml:leader>01805nz  a2200337n  4500</marcxml:leader>
            <marcxml:controlfield tag="001">sh96003574</marcxml:controlfield>
            <marcxml:controlfield tag="003">DLC</marcxml:controlfield>
            <marcxml:controlfield tag="005">19960910065247.2</marcxml:controlfield>
            <marcxml:controlfield tag="008">960329|| anannbab|          |a ana ||| c</marcxml:controlfield>
            <marcxml:datafield tag="010" ind1=" " ind2=" ">
              <marcxml:subfield code="a">sh 96003574 </marcxml:subfield>
            </marcxml:datafield>
            <marcxml:datafield tag="040" ind1=" " ind2=" ">
              <marcxml:subfield code="a">ItRSI</marcxml:subfield>
              <marcxml:subfield code="c">DLC</marcxml:subfield>
            </marcxml:datafield>
            <marcxml:datafield tag="150" ind1=" " ind2="0">
              <marcxml:subfield code="a">Arch of the Money Changers (Rome, Italy)</marcxml:subfield>
            </marcxml:datafield>
            <marcxml:datafield tag="450" ind1=" " ind2="0">
              <marcxml:subfield code="a">Arch of the Argentarii (Rome, Italy)</marcxml:subfield>
            </marcxml:datafield>
            <marcxml:datafield tag="450" ind1=" " ind2="0">
              <marcxml:subfield code="a">Arco degli Argentari (Rome, Italy)</marcxml:subfield>
            </marcxml:datafield>
            <marcxml:datafield tag="450" ind1=" " ind2="0">
              <marcxml:subfield code="a">Arco dei Argentari (Rome, Italy)</marcxml:subfield>
            </marcxml:datafield>
            <marcxml:datafield tag="450" ind1=" " ind2="0">
              <marcxml:subfield code="a">Arcus Argentariorum (Rome, Italy)</marcxml:subfield>
            </marcxml:datafield>
            <marcxml:datafield tag="450" ind1=" " ind2="0">
              <marcxml:subfield code="a">Argentari, Arco degli (Rome, Italy)</marcxml:subfield>
            </marcxml:datafield>
            <marcxml:datafield tag="450" ind1=" " ind2="0">
              <marcxml:subfield code="a">Argentarii, Arch of the (Rome, Italy)</marcxml:subfield>
            </marcxml:datafield>
            <marcxml:datafield tag="450" ind1=" " ind2="0">
              <marcxml:subfield code="a">Argentariorum, Arcus (Rome, Italy)</marcxml:subfield>
            </marcxml:datafield>
            <marcxml:datafield tag="450" ind1=" " ind2="0">
              <marcxml:subfield code="a">Money Changers, Arch of the (Rome, Italy)</marcxml:subfield>
            </marcxml:datafield>
            <marcxml:datafield tag="450" ind1=" " ind2="0">
              <marcxml:subfield code="a">Porta Argentariorum (Rome, Italy)</marcxml:subfield>
            </marcxml:datafield>
            <marcxml:datafield tag="550" ind1=" " ind2="0">
              <marcxml:subfield code="w">g</marcxml:subfield>
              <marcxml:subfield code="a">Arches</marcxml:subfield>
              <marcxml:subfield code="z">Italy</marcxml:subfield>
            </marcxml:datafield>
            <marcxml:datafield tag="670" ind1=" " ind2=" ">
              <marcxml:subfield code="a">Work cat.: Pallottino, M. Arco dei Argentari, 1946.</marcxml:subfield>
            </marcxml:datafield>
            <marcxml:datafield tag="670" ind1=" " ind2=" ">
              <marcxml:subfield code="a">Haynes, D.E.L. Porta Argentariorum, 1939.</marcxml:subfield>
            </marcxml:datafield>
            <marcxml:datafield tag="670" ind1=" " ind2=" ">
              <marcxml:subfield code="a">Companion guide to Rome:</marcxml:subfield>
              <marcxml:subfield code="b">p. 413 (Arco degli Argentari)</marcxml:subfield>
            </marcxml:datafield>
            <marcxml:datafield tag="670" ind1=" " ind2=" ">
              <marcxml:subfield code="a">Nagel's Italy:</marcxml:subfield>
              <marcxml:subfield code="b">p. 850 (Arco degli Argentari; built by the money-changers of Rome in honour of Septimius Severus in the 3rd cent.) index under Arch of (Money-Changers (Argentari))</marcxml:subfield>
            </marcxml:datafield>
            <marcxml:datafield tag="670" ind1=" " ind2=" ">
              <marcxml:subfield code="a">Baedeker's Rome, 1930:</marcxml:subfield>
              <marcxml:subfield code="b">p. 357 (Arcus Argentariorum, or arch of the money-changers; erected by the merchants of the Forum Boarium) index under Arches (Money Changers; Arcus Argentariorum)</marcxml:subfield>
            </marcxml:datafield>
            <marcxml:datafield tag="670" ind1=" " ind2=" ">
              <marcxml:subfield code="a">Britannica Macro.:</marcxml:subfield>
              <marcxml:subfield code="b">under Roman art, p. 459 (Porta Argentariorum; dedicated in the Velabrum to Septimus and his family by the bankers of the cattle market [not the same as the triumphal arch dedicated to Septimus and his sons])</marcxml:subfield>
            </marcxml:datafield>
            <marcxml:datafield tag="670" ind1=" " ind2=" ">
              <marcxml:subfield code="a">Fodor's exploring Rome</marcxml:subfield>
              <marcxml:subfield code="b">(Arch of the Money Changers)</marcxml:subfield>
            </marcxml:datafield>
            <marcxml:datafield tag="670" ind1=" " ind2=" ">
              <marcxml:subfield code="a">Rome access</marcxml:subfield>
              <marcxml:subfield code="b">(Arch of the Money Changers)</marcxml:subfield>
            </marcxml:datafield>
            <marcxml:datafield tag="670" ind1=" " ind2=" ">
              <marcxml:subfield code="a">Let's go. Budget guide to Rome</marcxml:subfield>
              <marcxml:subfield code="b">(Arch of the Argentarii)</marcxml:subfield>
            </marcxml:datafield>
          </marcxml:record>
